% bmc_article.bib
% 
%  An example of bibtex entries.
%  Entries taken from BMC instructions for authors page.

% uncomment next line to make author-year bibliography
% @settings{label, options="nameyear"}

@article{blank,
	author  = {}, 
	title   = {},
	journal = {}, 
	year  = {},
	  month = {}, 
	  volume= {}, 
	  number= {}, 
	  pages = {},
	  note  = {} 
}	

% Article within a journal
@ARTICLE{koon,
	author  = {Koonin, E V and Altschul, S F and P Bork}, 
	title   = {BRCA1 protein products: functional motifs}, 
	journal = {Nat Genet}, 
	year    = {1996},
	volume  = {13}, 
	pages   = {266-267}
}	

% Article within a journal supplement
@ARTICLE{oreg,
	author  = {Orengo, C A and Bray, J E and Hubbard, 
		   T and LoConte, L and Sillitoe, I}, 
	title   = {Analysis and assessment of ab initio 
		   three-dimensional prediction, secondary 
		   structure, and contacts prediction},
	journal = {Proteins}, 
	year    = {1999},
	volume  = {Suppl 3}, 
	pages   = {149-170}
}	

% In press article
@inpress{khar,
	author  = {Kharitonov, S A and Barnes, P J}, 
	title   = {Clinical aspects of exhaled nitric oxide},
	journal = {Eur Respir J}, 
	note    = {in press} 
}	

%
% Published abstract
%
@ARTICLE{zvai,
	author  = {Zvaifler, N J and Burger, J A and Marinova-Mutafchieva, 
		   L and Taylor, P and Maini, R N},
	title   = {Mesenchymal cells, stromal derived factor-1 and 
		   rheumatoid arthritis [abstract]},
	journal = {Arthritis Rheum}, 
	year    = {1999},
	volume  = {42}, 
	pages   = {s250},
}	


%
% Article within conference proceedings
%
@Inproceedings{xjon,
	author    = {X Jones}, 
	title     = {Zeolites and synthetic mechanisms},
	booktitle = {Proceedings of the First National Conference on 
		     Porous Sieves: 27-30 June 1996; Baltimore},
	year      = {1996},
	  editor  = {Y Smith}, 
	  pages   = {16-27},
	  organization  = {Stoneham: Butterworth-Heinemann}
}	

%%%%%%%%
%  Book chapter, or article within a book
%
@incollection{schn,
	author    = {E Schnepf}, 
	title     = {From prey via endosymbiont to plastids: 
		     comparative studies in dinoflagellates},
	booktitle = {Origins of Plastids}, 
	editor    = {R A Lewin}, 
	publisher = {Chapman and Hall},
	pages     = {53-76}, 
	year      = {1993},
	  address = {New York}, 
	  volume  = {2}, 
	  edition = {2nd} 
}	

%%%%%%%%
% Whole issue of journal
%
@wholejournal{pond,
	editor  = {B Ponder and S Johnston and L Chodosh}, 
	title   = {Innovative oncology},
	journal = {Breast Cancer Res}, 
	year  = {1998},
	  volume= {10}, 
	  pages = {1-72}
}	


%%%%%%%%
% Whole conference proceedings
%
@proceedings{smith,
	editor  = {Y Smith}, 
	title   = {Proceedings of the First National Conference
		   on Porous Sieves: 27-30 June 1996; Baltimore},
	year = 1996,
	  address= {Stoneham}, 
	  publisher = {Butterworth-Heinemann},
}	


%%%%%%%%
% Complete book
%
@book{marg,
	author    = {L Margulis}, 
	title     = {Origin of Eukaryotic Cells},
	publisher = {Yale University Press}, 
	year      = {1970},
	address   = {New Haven} 
}



%%%%%%%%
% Monograph or book in series 
%
@incollection{hunn,
	author    = {G W Hunninghake and J E Gadek}, 
	title     = {The alveloar macrophage},
	booktitle = {Cultured Human Cells and Tissues},
	publisher = {Academic Press}, 
	year      = {1995},
  pages      = {54-56},
	  editor   = {T J R Harris}, 
	  address  = {New York}, 
	  note     = {Stoner G (Series Editor): Methods and Perspectives in Cell Biology, vol 1} 
}


%%%%%%%%
% Book with institutional author
@manual{advi,
	  title   = {Annual Report}, 
	    organization  = {Advisory Committee on Genetic Modification}, 
	    address = {London},
	    year    = {1999}
}


%%%%%%%%
% PHD Thesis
%
@phdthesis{koha,
	author = {R Kohavi}, 
	title  = {Wrappers for performance enhancement and
		  obvious decision graphs},
	school = {Stanford University, Computer Science Department},
	year   = {1995}
}

%%%%%%%%
% Webpage Link / URL
%
@webpage{mouse,
	title  = {The Mouse Tumor Biology Database},
	url = {http://tumor.informatics.jax.org/cancer\_links.html}
}


@article{Chandrasekhar,
title = {{Effective Clustering Algorithms for Gene Expression Data}},
author = {T. Chandrasekhar and K. Thangavel and E. Elayaraja},
year = {2011},
journal = {International Journal of Computer Applications},
volume = {32},
pages = {4},
}

@article{deSouto,
title = {{Comparative Study on Normalization Procedures for Cluster Analysis
  of Gene Expression Datasets}},
author = {M. de Souto D. de Araujo and I. Costa and R. Soares and T. Ludermir and A. Schliep},
year = {2008},
journal = {International Joint Conference on Neural Networks},
pages = {2793-2799},
}

@article{jds,
title = {{Exploring gene expression data, using plots}},
author = {D. Cook and H. Hofmann and E. Lee and H. Yang and B. Nikolau and E. Wurtele},
year = {2007},
journal = {Journal of Data Science},
volume = {5},
pages = {151–182},
}

@book{pca,
author = {{I.T. Jolliffe}},
title = {Principal Component Analysis},
publisher = {Springer-Verlag New York, Inc.},
year = {2002},
address = {Berlin, Heidelberg},
}

@book{scatMat,
author = {{W.S. Cleveland}},
title = {Visualizing Data},
publisher = {Hobart Press},
year = {1993},
address = {Summit, New Jersey},
}

@article{origPCP,
title = {{The plane with parallel coordinates}},
author = {A. Inselberg},
year = {1985},
journal = {The Visual Computer},
volume = {1},
pages = {69-91},
}

@article{adamInt,
title = {{Interacting stressors matter: Diet quality and virus infection in honey bee health}},
author = {A.G. Dolezal and J. Carrillo-Tripp and T. Judd and A. Miller and B. Bonning and A. Toth},
year = {2018},
journal = {In prep},
volume = {},
pages = {},
}

@article{AdamTothReview,
title = {{Feedbacks between nutrition and disease in honey bee health}},
author = {A.G. Dolezal and A.L. Toth},
year = {2018},
journal = {Current Opinion in Insect Science},
volume = {26},
pages = {114-119},
}

@article{ag,
title = {{Honey bee colony losses}},
author = {P. Neumann and N.L. Carreck},
year = {2010},
journal = {J Apicult Res},
volume = {49},
pages = {1-6},
}

@article{ag2,
title = {{A historical review of managed honey bee populations in Europe and the United States and the factors that may affect them}},
author = {D. Van Engelsdorp and M.D. Meixner},
year = {2010},
journal = {J Invertebr Pathol},
volume = {103},
pages = {S80-S95},
}

@article{alaux,
title = {{Diet effects on honeybee immunocompetence}},
author = {C. Alaux and F. Ducloz and D. Crauser Y. Le Conte},
year = {2010},
journal = {Biol. Lett.},
volume = {6},
pages = {562-565},
}

@article{alaux2,
title = {{Nutrigenomics in honey bees: digital gene expression analysis of pollen's nutritive effects on healthy and varroa-parasitized bees}},
author = {C. Alaux and C. Dantec and H. Parrinello and Y. Le Conte},
year = {2011},
journal = {BMC Genomics},
volume = {12},
pages = {496},
}

@article{benjamini,
title = {{Controlling the false discovery rate: A practical and powerful approach to multiple testing}},
author = {Y. Benjamini and Y. Hochberg},
year = {1995},
journal = {Journal of the Royal Statistical Society. Series B (Methodological)},
volume = {57},
pages = {289-300},
}

@article{bkLoss,
title = {{A survey of honey bee colony losses in the U.S., fall 2007 to spring 2008}},
author = {D. Van Engelsdorp and J. Jr. Hayes and R.M Underwood and J. Pettis},
year = {2008},
journal = {PLoS ONE},
volume = {3},
pages = {e4071},
}

@article{brodschneider,
title = {{Nutrition and health in honey bees}},
author = {R. Brodschneider and K. Crailsheim},
year = {2010},
journal = {Apidologie},
volume = {41},
pages = {278–294},
}

@article{carrillo,
title = {{In vivo and in vitro infection dynamics of honey bee viruses}},
author = {J. Carrillo-Tripp and A.G. Dolezal and M.J. Goblirsch and W.A. Miller and A.L. Toth and B.C. Bonning},
year = {2016},
journal = {Sci Rep},
volume = {6},
pages = {22265},
}

@article{ccd1,
title = {{Colony collapse disorder: A descriptive study}},
author = {D. van Engelsdorp and J.D. Evans and C. Saegerman and C. Mullin and E. Haubruge and B.K. Nguyen and M. Frazier and J. Frazier and D. Cox-Foster and Y. Chen and R. Underwood and D.R. Tarpy and J.S. Pettis},
year = {2009},
journal = {PLoS ONE},
volume = {4},
pages = {e6481},
}

@article{ccd2,
title = {{A national survey of managed honey bee 2014–2015 annual colony losses in the USA}},
author = {K. Kulhanek and N. Steinhauer and K. Rennich and D.M. Caron and R.R. Sagili and J.S. Pettis and J.D. Ellis and M.E. Wilson and J.T. Wilkes and D.R. Tarpy and R. Rose and K. Lee and J. Rangel and D. vanEngelsdorp},
year = {2017},
journal = {Journal of Apicultural Research},
volume = {56},
pages = {328-340},
}

@article{ccd3,
title = {{A pan-European epidemiological study on honeybee colony losses 2012–2014}},
author = {M. Laurent and P. Hendrikx and M. Ribiere-Chabert and M-P. Chauzat},
year = {2016},
journal = {Epilobee},
volume = {2013},
pages = {44},
}

@article{ccd4,
title = {{Importance of pollinators in changing landscapes for world crops}},
author = {A-M. Klein and B.E. Vaissière and J.H. Cane and I. Steffan-Dewenter and S.A. Cunningham and C. Kremen and T. Tscharntke},
year = {2007},
journal = {Proc Biol Sci},
volume = {274},
pages = {303–313},
}

@article{ccd5,
title = {{Honey bee colony mortality in the Pacific Northwest: Winter 2009/2010}},
author = {D. Caron and R. Sagili},
year = {2011},
journal = {Am Bee J},
volume = {151},
pages = {73-76},
}

@book{ccd6,
author = {J. Bond and K. Plattner and K. Hunt},
title = {Fruit and Tree Nuts Outlook: Economic Insight U.S. Pollination- Services Market},
publisher = {Economic Research Service Situation and Outlook FTS-357SA},
year = {2014},
address = {USDA},
}

@article{ccd7,
title = {{Economic valuation of the vulnerability of world agriculture confronted with pollinator decline}},
author = {N. Gallai and J-M. Salles and J. Settele and B.B. Vaissière},
year = {2009},
journal = {Ecol. Econ.},
volume = {68},
pages = {810–821},
}

@article{davidBio,
title = {{Systematic and integrative analysis of large gene lists using DAVID bioinformatics resources}},
author = {D.W. Huang and B.T. Sherman and R. Lempicki},
year = {2009},
journal = {Nat Protoc},
volume = {4},
pages = {44-57},
}

@article{davidBio2,
title = {{Bioinformatics enrichment tools: paths toward the comprehensive functional analysis of large gene lists}},
author = {D.W. Huang and B.T. Sherman and R.A. Lempicki},
year = {2009},
journal = {Nucleic Acids Res},
volume = {37},
pages = {1-13},
}

@article{deseq2,
title = {{Moderated estimation of fold change and dispersion for RNA-seq data with DESeq2}},
author = {M.I. Love and W. Huber and S. Anders},
year = {2014},
journal = {Genome Biology},
volume = {15},
pages = {550},
}

@article{DiPasquale,
title = {{Influence of pollen nutrition on honey bee health: Do pollen quality and diversity matter?}},
author = {G.D. Pasquale and M. Salignon and Y.L. Conte and L.P. Belzunces and A. Decourtye and A. Kretzschmar and S. Suchail and J-L. Brunet and C. Alaux},
year = {2013},
journal = {PLoS ONE},
volume = {8},
pages = {e72016},
}

@article{diverse,
title = {{Feeding preference of Apis mellifera L. (Hymenoptera: Apidae): Individual versus mixed pollen species}},
author = {J.O. Schmidt},
year = {1984},
journal = {J. Kans. Entomol. Soc.},
volume = {57},
pages = {323–327},
}

@article{diverse2,
title = {{Survival of honey bees, Apis mellifera (Hymenoptera: Apidae), fed various pollen sources}},
author = {J.O. Schmidt and S.C. Thoenes and M.D. Levin},
year = {1987},
journal = {J. Econ. Entomol.},
volume = {80},
pages = {176–183},
}

@article{divHyp2,
title = {{On being the right size: Male contributions and multiple mating in social Hymenoptera}},
author = {R.H. Crozier and R.E. Page},
year = {1985},
journal = {Behav. Ecol. Sociobiol.},
volume = {18},
pages = {105–115},
}

@article{edger,
author = {M.D. Robinson and D.J. McCarthy and G.K. Smyth},
title = {edgeR: a Bioconductor package for differential expression analysis of digital gene expression data},
journal = {Bioinformatics},
year = {2010},
volume = {26},
pages = {139-140},
}

@Manual{euler,
  title = {{eulerr}: Area-Proportional {Euler} and {Venn} Diagrams with Ellipses},
  author = {Johan Larsson},
  year = {2018},
  note = {R package version 4.0.0},
  url = {https://cran.r-project.org/package=eulerr},
}

@article{factors,
title = {{}},
author = {S.G. Potts and J.C. Biesmeijer and C. Kremen and P. Neumann and O. Schweiger and W.E. Kunin},
year = {2010},
journal = {Global pollinator declines: trends, impacts and drivers},
volume = {25},
pages = {345-353},
}

@article{factors2,
title = {{The Plight of the Bees}},
author = {M. Spivak and E. Mader and M. Vaughan and N.H. Euliss},
year = {2011},
journal = {Environ Sci Technol},
volume = {45},
pages = {34-38},
}

@article{fam,
title = {{Dicistroviruses}},
author = {B.C. Bonning and W.A. Miller},
year = {2010},
journal = {Annu Rev Entomol},
volume = {55},
pages = {129-150},
}

@article{galbraith,
title = {{Parallel epigenomic and transcriptomic responses to viral infection in honey bees (Apis mellifera)}},
author = {D.A. Galbraith and X. Yang and E.L. Niño and S. Yi and C. Grozinger},
year = {2015},
journal = {PLoS Pathogens},
volume = {11},
pages = {e1004713},
}

@article{geneticDiverse,
title = {{Genetic diversity in honey bee colonies enhances productivity and fitness}},
author = {H.R. Mattila and T.D. Seeley},
year = {2007},
journal = {Science},
volume = {317},
pages = {362-364},
}

@article{geneticDiverse2,
title = {{Genetic diversity within honeybee colonies prevents severe infections and promotes colony growth}},
author = {D.R. Tarpy},
year = {2003},
journal = {Proc. R. Soc. Lond. B},
volume = {270},
pages = {99-103},
}

@article{gsnap,
title = {{GMAP and GSNAP for genomic sequence alignment: Enhancements to speed, accuracy, and functionality}},
author = {T.D. Wu and J. Reeder and M. Lawrence and G. Becker and M.J. Brauer},
year = {2016},
journal = {Methods Mol Biol},
volume = {1418},
pages = {283-334},
}

@article{hbGenome,
title = {{Finding the missing honey bee genes: lessons learned from a genome upgrade}},
author = {Honey Bee Genome Sequencing Consortium},
year = {2014},
journal = {BMC Genomics},
volume = {15},
pages = {86},
}

@article{hemolymph,
title = {{The influence of the mite Varroa Jacobsoni Oud. on the protein concentration and the haemolymph volume of the brood of worker bees and drones of the honey bee Apis Mellifera L}},
author = {K.P. Weinberg and G. Madel},
year = {1985},
journal = {Apidologie},
volume = {16},
pages = {421-436},
}

@article{hymenopteraDB,
title = {{Hymenoptera Genome Database: integrating genome annotations in HymenopteraMine}},
author = {C.G. Elsik and A. Tayal and C.M. Diesh and D.R. Unni and M.L. Emery and H.N. Nguyen and D.E. Hagen},
year = {2016},
journal = {Nucleic Acids Research},
volume = {4},
pages = {D793-800},
}

@article{iapvCCD,
title = {{A metagenomic survey of microbes in honey bee colony collapse disorder}},
author = {D.L. Cox-Foster and S. Conlan and E.C. Holmes and G. Palacios and J.D. Evans and N.A. Moran and P-L. Quan and T. Briese and M. Hornig and D.M. Geiser and V. Martinson and D. vanEngelsdorp and A.L. Kalkstein and A. Drysdale and J. Hui and J. Zhai and L. Cui and S.K. Hutchison and J.F. Simons and M. Egholm and J.S. Pettis and W.I. Lipkin},
year = {2007},
journal = {Science},
volume = {318},
pages = {283–287},
}

@article{iapvCCD2,
title = {{Dynamics of the presence of israeli acute paralysis virus in honey bee colonies with colony collapse disorder}},
author = {C. Hou and H. Rivkin and Y. Slabezki and N. Chejanovsky},
year = {2014},
journal = {Viruses},
volume = {6},
pages = {2012–2027},
}

@article{iapvCCD3,
title = {{Pathogen webs in collapsing honey bee colonies}},
author = {R.S. Cornman and D.R. Tarpy and Y. Chen and L. Jeffreys and D. Lopez and J.S. Pettis},
year = {2012},
journal = {PLoS ONE},
volume = {7},
pages = {e43562},
}

@article{interacting,
title = {{Bee declines driven by combined stress from parasites, pesticides, and lack of flowers}},
author = {D. Goulson and E. Nicholls and C. Botías and E.L. Rotheray},
year = {2015},
journal = {Science},
volume = {347},
pages = {1255957},
}

@article{intNV,
title = {{Nutrition, immunity and viral infections in honey bees}},
author = {G. DeGrandi-Hoffman and Y. Chen},
year = {2015},
journal = {Current Opinion in Insect Science},
volume = {10},
pages = {170-176},
}

@article{intNV2,
title = {{The effect of diet on protein concentration, hypopharyngeal gland development and virus load in worker honey bees (Apis mellifera L.)}},
author = {G. DeGrandi-Hoffman and Y. Chen and E. Huang and M.H Huang},
year = {2010},
journal = {J Insect Physiol},
volume = {56},
pages = {1184–1191},
}

@unknown{intNV3,
author = {Le Conte, Yves and BRUNET, Jean-Luc and McDonnell, Cynthia and Dussaubat, Claudia and Alaux, Cédric},
year = {2011},
month = {11},
pages = {215-222},
title = {Interactions between Risk Factors in Honey Bees},
}

@article{jelly,
title = {{Pollen consumption and utilization in worker honeybees (Apis mellifera carnica): dependence on individual age and function}},
author = {K. Crailsheim and L.H.W Schneider and N. Hrassnigg and G. Bühlmann and U. Brosch and R. Gmeinbauer and B. Schöffmann},
year = {1992},
journal = {J Insect Physiol},
volume = {38},
pages = {409-419},
}

@article{jelly2,
title = {{The flow of jelly within a honeybee colony}},
author = {K. Crailsheim},
year = {1992},
journal = {J Comp Physiol B},
volume = {162},
pages = {681-689},
}

@article{landscape1,
title = {{Landscape enhancement of floral resources for honey bees in agro-ecosystems}},
author = {A. Decourtye and E. Mader and N. Desneux},
year = {2010},
journal = {Apidologie},
volume = {41},
pages = {264-277},
}

@article{limma,
author = {M.E. Ritchie and B. Phipson and D. Wu and Y. Hu and C.W. Law and W. Shi and G.K. Smyth},
title = {limma powers differential expression analyses for RNA-sequencing and microarray studies},
journal = {Nucleic Acids Research},
year = {2015},
volume = {43},
number = {7},
pages = {e47},
}

@article{longevity,
title = {{Honey bee nutrition}},
author = {M.H. Haydak},
year = {1970},
journal = {Annu Rev Entomol},
volume = {15},
pages = {143-156},
}

@article{miteSpread,
title = {{Biology and control of Varroa destructor}},
author = {P. Rosenkranz and P. Aumeier and B. Ziegelmann},
year = {2010},
journal = {J Invertebr Pathol},
volume = {103},
pages = {S96-S119},
}

@article{miteVirus,
title = {{Intricate transmission routes and interactions between picorna-like viruses (Kashmir bee virus and sacbrood virus) with the honeybee host and the parasitic varroa mite}},
author = {M.Q. Shen and L.W. Cui and N. Ostiguy and D. Cox-Foster},
year = {2005},
journal = {J Gen Virol},
volume = {86},
pages = {2281-2289},
}

@article{miteVirus2,
title = {{Effects of parasitization by Varroa destructor on survivorship and physiological traits of Apis mellifera in correlation with viral incidence and microbial challenge}},
author = {X. Yang and D. Cox-Foster},
year = {2007},
journal = {Parasitology},
volume = {134},
pages = {405-412},
}

@article{miteVirus3,
title = {{Impact of an ectoparasite on the immunity and pathology of an invertebrate: Evidence for host immunosuppression and viral amplification}},
author = {X.L. Yang and D.L. Cox-Foster},
year = {2005},
journal = {P Natl Acad Sci USA},
volume = {102},
pages = {7470-7475},
}

@article{multParasite,
title = {{Parasites, pathogens, and polyandry in social Hymenoptera}},
author = {P.W. Sherman and T.D. Seeley and H.K. Reeve},
year = {1988},
journal = {Am. Nat},
volume = {131},
pages = {602–610},
}

@article{numVirus,
title = {{Honey bee viruses}},
author = {Y.P. Chen and R. Siede},
year = {2007},
journal = {Adv Virus Res},
volume = {70},
pages = {33-80},
}

@article{patriline,
title = {{Does patriline composition change over a honey bee queen’s lifetime?}},
author = {R. Brodschneider and G. Arnold and N. Hrassnigg and K. Crailsheim},
year = {2012},
journal = {Insects},
volume = {3},
pages = {857–869},
}

@article{resTol1,
title = {{Resistance and tolerance: The role of nutrients on pathogen dynamics and infection outcomes in an insect host}},
author = {C.V.L. Miller and S.C. Cotter},
year = {2017},
journal = {Journal of Animal Ecology},
volume = {87},
pages = {500-510},
}

@article{resTol2,
title = {{A unified model for the coevolution of resistance, tolerance, and virulence}},
author = {D. Carval and R. Ferriere},
year = {2010},
journal = {Evolution},
volume = {64},
pages = {2988–3009},
}

@article{resTol4,
title = {{Trans-generational immune priming: Specific enhancement of the antimicrobial immune response in the mealworm beetle, Tenebrio molitor}},
author = {Y. Moret},
year = {2006},
journal = {Proceedings of the Royal Society B: Biological Sciences},
volume = {273},
pages = {1399–1405},
}

@article{resTol5,
title = {{Variation in the defense strategies of plants: are resistance and tolerance mutually exclusive?}},
author = {R. Mauricio and M.D. Rausher and D.S. Burdick},
year = {1997},
journal = {Ecology},
volume = {78},
pages = {1301–1310},
}

@article{resTol6,
title = {{Evolution of mixed plant defense allocation against natural enemies}},
author = {J. Fornoni and J. Nunez-Farfan and P.L. Valverde and M.D. Rausher},
year = {2004},
journal = {Evolution},
volume = {58},
pages = {1685–1695},
}

@article{resTol7,
title = {{Shared control of epidemiological traits in a coevolutionary model of host-parasite interactions}},
author = {O. Restif and J.C. Koella},
year = {2003},
journal = {The American Naturalist},
volume = {161},
pages = {827– 836},
}

@article{resTol8,
title = {{Balancing resistance and infection tolerance through metabolic means}},
author = {M.C. Chambers and D.S. Schneider},
year = {2012},
journal = {PNAS},
volume = {109},
pages = {13886–13887},
}

@article{resTol9,
title = {{The prophenoloxidase-activating system in invertebrates}},
author = {L. Cerenius and K. Söderhäll},
year = {2004},
journal = {Immunological Reviews},
volume = {198},
pages = {116–126},
}

@article{resTol10,
title = {{Self-harm caused by an insect's innate immunity}},
author = {B.M. Sadd and M.R. Siva-Jothy},
year = {2006},
journal = {Proceedings of the Royal Society B: Biological Sciences},
volume = {273},
pages = {2571–2574},
}

@article{resTol11,
title = {{Transcriptional pausing controls a rapid antiviral innate immune response in Drosophila}},
author = {J. Xu and G. Grant and L.R. Sabin and B. Gordesky-Gold and A. Yasunaga and M. Tudor and S. Cherry},
year = {2012},
journal = {Cell Host Microbe},
volume = {12},
pages = {531–543},
}

@article{revigo,
title = {{REVIGO summarizes and visualizes long lists of Gene Ontology terms}},
author = {F. Supek and M. Bošnjak and N. Škunca and T. Šmuc},
year = {2011},
journal = {PLoS ONE},
volume = {6},
pages = {e21800},
}

@article{sisters,
title = {{Full sisters and supersisters: A terminological paradigm}},
author = {R.E. Page and H.H. Laidlaw},
year = {1988},
journal = {Anim. Behav.},
volume = {36},
pages = {944–945},
}

@article{source,
title = {{A phylogenetic reconsideration of the pollen starch-pollination correlation}},
author = {T.H. Roulston and S.L. Buchmann},
year = {2000},
journal = {Evol Ecol Res},
volume = {2},
pages = {627-643},
}

@unknown{source2,
title = {Pollen: Biology, biochemistry, management},
author = {R.G. Stanley and H.F. Linskens},
year = {1974},
}

@article{symptoms,
title = {{IAPV, a bee-affecting virus associated with Colony Collapse Disorder can be silenced by dsRNA ingestion}},
author = {E. Maori and N. Paldi and S. Shafir and H. Kalev and E. Tsur and E. Glick and I. Sela},
year = {2009},
journal = {Insect Mol Biol},
volume = {18},
pages = {55-60},
}

@article{tissueLevel,
title = {{The importance of tissue specificity for RNA-seq: highlighting the errors of composite structure extractions}},
author = {B.R. Johnson and J. Atallah and D.C Plachetzki},
year = {2013},
journal = {BMC Genomics},
volume = {14},
pages = {586},
}

@article{undeveloped,
title = {{Nutritional stress due to habitat loss may explain recent honeybee colony collapses}},
author = {D. Naug},
year = {2009},
journal = {Biol Conserv},
volume = {142},
pages = {2369-2372},
}

@article{winter,
title = {{Israeli acute paralysis virus: Epidemiology, pathogenesis and implications for honey bee health}},
author = {Y.P. Chen and J.S. Pettis and M. Corona and W.P. Chen and C.J. Li and M. Spivak and P.K. Visscher and G. DeGrandi-Hoffman and H. Boncristiani and Y. Zhao and D. van Engelsdorp and K. Delaplane and L. Solter and F. Drummond and M. Kramer and W.I. Lipkin and G. Palacios and M.C. Hamilton and B. Smith and S.K. Huang and H.Q. Zheng and J.L. Li and X. Zhang and X.F. Zhou and L.Y. Wu and J.Z. Zhou and M-L. Lee and E.W. Teixeira and Z.G. Li and J.D. Evans},
year = {2014},
journal = {PLoS Pathog},
volume = {10},
pages = {e1004261},
}


@article{biased1,
title = {{Biases in Illumina transcriptome sequencing caused by random hexamer priming}},
author = {K.D. Hansen and S.E. Brenner and S. Dudoit},
year = {2010},
journal = {Nucleic Acids Research},
volume = {38},
pages = {e131},
}

@article{biased2,
title = {{From RNA-seq reads to differential expression results}},
author = {A. Oshlack and M.D. Robinson and M.D. Young},
year = {2010},
journal = {Genome Biology},
volume = {11},
pages = {220},
}

@article{biased3,
title = {{RNAseq: Technical variability and sampling}},
author = {L.M. McIntyre and K.K. Lopiano and A.M. Morse and V. Amin and A.L. Oberg and L.J. Young and S.V. Nuzhdin},
year = {2011},
journal = {BMC Genomics},
volume = {12},
pages = {293},
}

@article{melanization,
title = {{Chapter three: The melanization response in insect immunity}},
author = {J. Nakhleh and L. El Moussawi and M.A. Osta},
year = {2017},
journal = {Advances in Insect Physiology},
volume = {52},
pages = {83-109},
}

@article{bh,
title = {{Quick and easy implementation of the Benjamini-Hochberg procedure for controlling the false positive rate in multiple comparisons}},
author = {D. Thissen and L. Steinberg and D. Kuang},
year = {2002},
journal = {J Educ Behav Stat},
volume = {27},
pages = {77-83},
}

@article{semantic,
title = {{A new measure for functional similarity of gene products based on Gene Ontology}},
author = {A. Schlicker and F.S. Domingues and J. Rahnenfuhrer and T. Lengauer},
year = {2006},
journal = {BMC Bioinformatics},
volume = {7},
pages = {302},
}

@article{newVR,
title = {{Lower virus infections in Varroa destructor-infested and uninfested brood and adult honey bees (Apis mellifera) of a low mite population growth colony compared to a high mite population growth colony}},
author = {B. Emsen and M.M. Hamiduzzaman and P.H. Goodwin and E. Guzman-Novoa},
year = {2015},
journal = {PLoS ONE},
volume = {10},
pages = {e0118885},
}

@article{fewDEGs,
title = {{The heat shock response restricts virus infection in Drosophila}},
author = {S.H. Merkling and G.J. Overheul and J.T. van Mierlo and D. Arends and C. Gilissen and R.P. van Rij},
year = {2015},
journal = {Scientific Reports},
volume = {5},
pages = {12758},
}

@article{fewDEGs2,
title = {{The JAK-STAT signaling pathway is required but not sufficient for the antiviral response of Drosophila}},
author = {C. Dostert and E. Jouanguy and P. Irving and L. Troxler and D. Galiana and C. Hetru and J.A.  Hoffmann and J.-L. Imler},
year = {2005},
journal = {Nature Immunology},
volume = {6},
pages = {946-953},
}

@article{Avadhanula,
title = {{A novel system for the launch of alphavirus RNA synthesis reveals a role for the Imd pathway in arthropod antiviral response}},
author = {V. Avadhanula and B.P. Weasner and G.G. Hardy and J.P. Kumar and R.W. Hardy},
year = {2009},
journal = {PLoS Pathog},
volume = {5},
pages = {e1000582},
}

@article{kemp,
title = {{Broad RNA interference-mediated antiviral immunity and virus-specific inducible responses in Drosophila}},
author = {C. Kemp and S. Mueller and A. Goto and V. Barbier and S. Paro and F. Bonnay and C. Dostert and L. Troxler and C. Hetru and C. Meignin and S. Pfeffer and J.A. Hoffmann and J.L. Imler},
year = {2013},
journal = {J Immunol},
volume = {190},
pages = {650-658},
}

@article{costa,
title = {{The Imd pathway is involved in antiviral immune responses in Drosophila}},
author = {A. Costa and E. Jan and P. Sarnow and D. Schneider},
year = {2009},
volume = {4},
pages = {e7436},
} 

@article{cherryReview,
title = {{Viruses and antiviral immunity in Drosophila}},
author = {J. Xu and S. Cherry},
year = {2014},
journal = {Dev Comp Immunol},
volume = {42},
pages = {67–84},
}

@article{interactingDV,
title = {{Elucidating the mechanisms underlying the beneficial health effects of dietary pollen on honey bees (Apis mellifera) infested by Varroa mite ectoparasites}},
author = {D. Annoscia and V. Zanni and D. Galbraith and A. Quirici and C. Grozinger and R. Bortolomeazzi and F. Nazzi},
year = {2017},
journal = {Scientific Reports},
volume = {7},
pages = {6258},
}

@article{interactingDV2,
title = {{Honey bee antiviral immune barriers as affected by multiple stress factors: A novel paradigm to interpret colony health decline and collapse}},
author = {F. Nazzi and F. Pennacchio},
year = {2018},
journal = {Viruses},
volume = {10},
pages = {159},
}

@article{swevers,
title = {{Defense Mechanisms against Viral Infection in Drosophila: RNAi and Non-RNAi}},
author = {L. Swevers and J. Liu and G. Smagghe},
year = {2018},
journal = {Viruses},
volume = {10},
pages = {230},
}

@article{McMenamin,
title = {{Honey Bee and Bumble Bee Antiviral Defense}},
author = {A.J. McMenamin and K.F. Daughenbaugh and F. Parekh and M.C. Pizzorno and M.L. Flenniken},
year = {2018},
journal = {Viruses},
volume = {10},
pages = {395},
}

@article{Flenniken,
title = {{Non-specific dsRNA-mediated antiviral response in the honey bee}},
author = {M.L. Flenniken and R. Andino},
year = {2013},
journal = {PLoS ONE},
volume = {8},
pages = {e77263},
}

@article{Brutscher,
title = {{Virus and dsRNA-triggered transcriptional responses reveal key components of honey bee antiviral defense}},
author = {L.M. Brutscher and K.F. Daughenbaugh and M.L. Flenniken},
year = {2017},
journal = {Scientific Reports},
volume = {7},
pages = {6448},
}

@article{Ryabov,
title = {{The Iflaviruses Sacbrood virus and Deformed wing virus evoke different transcriptional responses in the honeybee which may facilitate their horizontal or vertical transmission}},
author = {E.V. Ryabov and J.M. Fannon and J.D. Moore and G.R. Wood and D.J. Evans},
year = {2016},
journal = {PeerJ},
volume = {4},
pages = {e1591},
}

@article{Chen,
title = {{Israeli Acute Paralysis Virus: Epidemiology, pathogenesis and implications for honey bee health}},
author = {Y.P. Chen and J.S. Pettis and M. Corona and W.P. Chen and C.J. Li and M. Spivak and P.K. Visscher and G. DeGrandi-Hoffman and H. Boncristiani and Y. Zhao and D. vanEngelsdorp and K. Delaplane and L. Solter and F. Drummond and M. Kramer and W.I. Lipkin and G. Palacios and M.C. Hamilton and B. Smith and S.K. Huang and H.Q. Zheng and J.L. Li and X. Zhang and A.F. Zhou and L.Y. Wu and J.Z. Zhou and M-L. Lee and E.W. Teixeira and Z.G. Li and J.D. Evans},
year = {2014},
journal = {PLoS Pathogens},
volume = {10},
pages = {e1004261},
}

@article{sugarFat,
title = {{RNA-Sequencing of Drosophila melanogaster head tissue on high-sugar and high-fat diets}},
author = {W. Hemphill and O. Rivera and M. Talbert},
year = {2018},
journal = {G3: Genes, Genomes, Genetics},
volume = {8},
pages = {279-290},
}

@article{sugarProtein,
title = {{Transcriptional responses of ecologically diverse Drosophila species to larval diets differing in relative sugar and protein ratios}},
author = {N.O. Nazario-Yepiz and M.R. Loustalot-Laclette and J. Carpinteyro-Ponce and C. Abreu-Goodger and T.A. Markow},
year = {2017},
journal = {PLoS ONE},
volume = {12},
pages = {e0183007},
}

@article{jHormone,
title = {{Juvenile hormone regulates body size and perturbs insulin signaling in Drosophila}},
author = {C.K. Mirth and H.Y. Tang and S.C. Makohon-Moore and S. Salhadar and R.H. Gokhale and R.D. Warner and T. Koyama and L.M. Riddiford and A.W. Shingleton},
year = {2014},
journal = {Proceedings of the National Academy of Sciences},
volume = {25},
pages = {201313058},
}

@article{geo,
title = {{Gene Expression Omnibus: NCBI gene expression and hybridization array data repository}},
author = {R. Edgar and M. Domrachev and A.E. Lash},
year = {2002},
journal = {Nucleic Acids Res},
volume = {30},
pages = {207-210},
}